@thesis{ Boehme-Diss-2017,
  address = {Dresden, Germany},
  author = {Stephan {B\"{o}hme}},
  school = {Technische Universit\"{a}t Dresden},
  title = {Context Reasoning for Role-Based Models},
  type = {Doctoral Thesis},
  year = {2017},
}