%% LaTeX2e file `references_defense.bib'
%% generated by the `filecontents' environment
%% from source `verteidigung' on 2017/10/16.
%%
@article{BGL12,
  Author = {Franz {Baader} and Silvio {Ghilardi} and Carsten {Lutz}},
  Journal = {ACM Trans. Comput. Log.},
  Number = {3},
  Title = {{LTL} over Description Logic Axioms},
  Volume = {13},
  Year = {2012}
}
